@article{afgan2011harnessing,
  title={Harnessing cloud computing with Galaxy Cloud},
  author={Afgan, E. and Baker, D. and Coraor, N. and Goto, H. and Paul, I.M. and Makova, K.D. and Nekrutenko, A. and Taylor, J.},
  journal={Nature biotechnology},
  volume={29},
  number={11},
  pages={972--974},
  year={2011},
  publisher={Nature Publishing Group}
}

@article{afgan2011galaxy,
  title={Galaxy: A Gateway to Tools in e-Science},
  author={Afgan, E. and Goecks, J. and Baker, D. and Coraor, N. and Nekrutenko, A. and Taylor, J.},
  journal={Guide to e-Science},
  pages={145--177},
  year={2011},
  publisher={Springer}
}

@article{afganreference,
  title={A reference model for deploying applications in virtualized environments},
  author={Afgan, E. and Baker, D. and Nekrutenko, A. and Taylor, J. and others},
  journal={Concurrency and Computation: Practice and Experience},
  publisher={Wiley Online Library}
}

@article{blankenberg2011making,
  title={Making whole genome multiple alignments usable for biologists},
  author={Blankenberg, D. and Taylor, J. and Nekrutenko, A. and others},
  journal={Bioinformatics},
  volume={27},
  number={17},
  pages={2426--2428},
  year={2011},
  publisher={Oxford Univ Press}
}

@article{blankenberg2011integrating,
  title={Integrating diverse databases into an unified analysis framework: a Galaxy approach},
  author={Blankenberg, D. and Coraor, N. and Von Kuster, G. and Taylor, J. and Nekrutenko, A.},
  journal={Database: the journal of biological databases and curation},
  volume={2011},
  year={2011},
  publisher={Oxford University Press}
}

@article{afgan2010galaxy,
  title={Galaxy CloudMan: delivering cloud compute clusters},
  author={Afgan, E. and Baker, D. and Coraor, N. and Chapman, B. and Nekrutenko, A. and Taylor, J.},
  journal={BMC bioinformatics},
  volume={11},
  number={Suppl 12},
  pages={S4},
  year={2010},
  publisher={BioMed Central Ltd}
}

@article{blankenberg2010manipulation,
  title={Manipulation of FASTQ data with Galaxy},
  author={Blankenberg, D. and Gordon, A. and Von Kuster, G. and Coraor, N. and Taylor, J. and Nekrutenko, A. and others},
  journal={Bioinformatics},
  volume={26},
  number={14},
  pages={1783--1785},
  year={2010},
  publisher={Oxford Univ Press}
}

@article{bock2010web,
  title={Web-based analysis of (Epi-) genome data using EpiGRAPH and Galaxy},
  author={Bock, C. and Von Kuster, G. and Halachev, K. and Taylor, J. and Nekrutenko, A. and Lengauer, T.},
  journal={Methods Mol. Biol},
  volume={628},
  pages={275--296},
  year={2010},
  publisher={Springer}
}

@article{schatz2010missing,
  title={The missing graphical user interface for genomics},
  author={Schatz, M.C.},
  journal={Genome biology},
  volume={11},
  number={8},
  pages={128},
  year={2010},
  publisher={BioMed Central Ltd}
}

@article{pond2009windshield,
  title={Windshield splatter analysis with the Galaxy metagenomic pipeline},
  author={Pond, S.K. and Wadhawan, S. and Chiaromonte, F. and Ananda, G. and Chung, W.Y. and Taylor, J. and Nekrutenko, A. and others},
  journal={Genome research},
  volume={19},
  number={11},
  pages={2144--2153},
  year={2009},
  publisher={Cold Spring Harbor Lab}
}

@article{lazarus2008toward,
  title={Toward the commoditization of translational genomic research: Design and implementation features of the Galaxy genomic workbench.},
  author={Lazarus, R. and Taylor, J. and Qiu, W. and Nekrutenko, A.},
  journal={Summit on translational bioinformatics},
  volume={2008},
  pages={56},
  year={2008},
  publisher={American Medical Informatics Association}
}

@article{miller200728,
  title={28-way vertebrate alignment and conservation track in the UCSC Genome Browser},
  author={Miller, W. and Rosenbloom, K. and Hardison, R.C. and Hou, M. and Taylor, J. and Raney, B. and Burhans, R. and King, D.C. and Baertsch, R. and Blankenberg, D. and others},
  journal={Genome research},
  volume={17},
  number={12},
  pages={1797--1808},
  year={2007},
  publisher={Cold Spring Harbor Lab}
}

@article{giardine2005galaxy,
  title={Galaxy: a platform for interactive large-scale genome analysis},
  author={Giardine, B. and Riemer, C. and Hardison, R.C. and Burhans, R. and Elnitski, L. and Shah, P. and Zhang, Y. and Blankenberg, D. and Albert, I. and Taylor, J. and others},
  journal={Genome research},
  volume={15},
  number={10},
  pages={1451--1455},
  year={2005},
  publisher={Cold Spring Harbor Lab}
}

@article{blankenberg2007framework,
  title={A framework for collaborative analysis of ENCODE data: making large-scale analyses biologist-friendly},
  author={Blankenberg, D. and Taylor, J. and Schenck, I. and He, J. and Zhang, Y. and Ghent, M. and Veeraraghavan, N. and Albert, I. and Miller, W. and Makova, K.D. and others},
  journal={Genome research},
  volume={17},
  number={6},
  pages={960--964},
  year={2007},
  publisher={Cold Spring Harbor Lab}
}

@inproceedings{goecks2011galaxy,
  title={The Galaxy Track Browser: Transforming the genome browser from visualization tool to analysis tool},
  author={Goecks, J. and Li, K. and Clements, D. and Taylor, J. and others},
  booktitle={Biological Data Visualization (BioVis), 2011 IEEE Symposium on},
  pages={39--46},
  year={2011},
  organization={IEEE}
}
@article{taylor2007using,
  title={Using galaxy to perform large-scale interactive data analyses},
  author={Taylor, J. and Schenck, I. and Blankenberg, D. and Nekrutenko, A.},
  journal={Curr Protoc Bioinformatics},
  volume={10},
  number={10.5},
  year={2007},
  publisher={Wiley Online Library}
}

@Article{ NGS,
	title = "Algorithms for Next Generation Sequencing",
	publisher = "Computational Genomics",
	year = "2011",
	editor = "Rom Shamir",
	author = "Anat Gluzman and Eran Mick"
}

@Article{ NGS2,
	title = {Estimation de param{\`e}tres de mod{\`e}les de neurones biologiques sur une plate-forme de SNN (Spiking Neural Network) implant{\'e}s "in silico"},
	publisher = "",
	year = "2010",
	editor = "{1 {Universit{\'e} Bordeaux}}",
	author = "Laure Buhry"
}

@Article{ NGS3,
	title = "Whole Exome Sequencing and Homozygosity Mapping
Identify Mutation in the Cell Polarity Protein GPSM2
as the Cause of Nonsyndromic Hearing Loss DFNB82
",
	author = "Tom Walsh and Hashem Shahin",
	journal = "The American Journal of Human Genetics",
	year = "2010"
}

@PhDThesis{ NGS4,
	title = "Génetique humaine",
	author = "Arveiler",
	school = "Université Bordeaux2",
	year = "2011"
}

@Article{ NGS5,
	title = "Évolution des techniques de séquençage",
	author = "EL FAHIME Elmostafa and Ennaji Mly Mustapha",
	journal = "LES TECHNIQUES DE LABORATOIRE N5",
	year = "2007"
}